%YAML 1.1
%TAG !u! tag:unity3d.com,2011:
--- !u!1 &5504578140636584060
GameObject:
  m_ObjectHideFlags: 0
  m_CorrespondingSourceObject: {fileID: 0}
  m_PrefabInstance: {fileID: 0}
  m_PrefabAsset: {fileID: 0}
  serializedVersion: 6
  m_Component:
  - component: {fileID: 641991190091479557}
  - component: {fileID: 586868033541553600}
  - component: {fileID: 431318314432067067}
  - component: {fileID: 2060081094700369351}
  m_Layer: 0
  m_Name: PotatoDummy
  m_TagString: Mikuni
  m_Icon: {fileID: 0}
  m_NavMeshLayer: 0
  m_StaticEditorFlags: 0
  m_IsActive: 1
--- !u!4 &641991190091479557
Transform:
  m_ObjectHideFlags: 0
  m_CorrespondingSourceObject: {fileID: 0}
  m_PrefabInstance: {fileID: 0}
  m_PrefabAsset: {fileID: 0}
  m_GameObject: {fileID: 5504578140636584060}
  m_LocalRotation: {x: 0, y: 0, z: 0, w: 1}
  m_LocalPosition: {x: 0, y: 0, z: 0}
  m_LocalScale: {x: 1, y: 1, z: 1}
  m_Children:
  - {fileID: 6428075135512035424}
  - {fileID: 8303302031055771699}
  m_Father: {fileID: 0}
  m_RootOrder: 0
  m_LocalEulerAnglesHint: {x: 0, y: 0, z: 0}
--- !u!136 &586868033541553600
CapsuleCollider:
  m_ObjectHideFlags: 0
  m_CorrespondingSourceObject: {fileID: 0}
  m_PrefabInstance: {fileID: 0}
  m_PrefabAsset: {fileID: 0}
  m_GameObject: {fileID: 5504578140636584060}
  m_Material: {fileID: 0}
  m_IsTrigger: 0
  m_Enabled: 1
  m_Radius: 0.48
  m_Height: 1.6
  m_Direction: 0
  m_Center: {x: 0, y: 0.25, z: 0.04}
--- !u!54 &431318314432067067
Rigidbody:
  m_ObjectHideFlags: 0
  m_CorrespondingSourceObject: {fileID: 0}
  m_PrefabInstance: {fileID: 0}
  m_PrefabAsset: {fileID: 0}
  m_GameObject: {fileID: 5504578140636584060}
  serializedVersion: 2
  m_Mass: 0.4
  m_Drag: 0
  m_AngularDrag: 0.05
  m_UseGravity: 0
  m_IsKinematic: 1
  m_Interpolate: 0
  m_Constraints: 126
  m_CollisionDetection: 0
--- !u!114 &2060081094700369351
MonoBehaviour:
  m_ObjectHideFlags: 0
  m_CorrespondingSourceObject: {fileID: 0}
  m_PrefabInstance: {fileID: 0}
  m_PrefabAsset: {fileID: 0}
  m_GameObject: {fileID: 5504578140636584060}
  m_Enabled: 1
  m_EditorHideFlags: 0
  m_Script: {fileID: 11500000, guid: aa584fbee541324448dd18d8409c7a41, type: 3}
  m_Name: 
  m_EditorClassIdentifier: 
  ObservedComponentsFoldoutOpen: 1
  Group: 0
  prefixField: -1
  Synchronization: 3
  OwnershipTransfer: 0
  observableSearch: 2
  ObservedComponents: []
  sceneViewId: 0
  InstantiationId: 0
  isRuntimeInstantiated: 0
--- !u!1001 &8408774972388327384
PrefabInstance:
  m_ObjectHideFlags: 0
  serializedVersion: 2
  m_Modification:
    m_TransformParent: {fileID: 641991190091479557}
    m_Modifications:
    - target: {fileID: -8679921383154817045, guid: 97d300646a6fe414daf2480160921218, type: 3}
      propertyPath: m_RootOrder
      value: 1
      objectReference: {fileID: 0}
    - target: {fileID: -8679921383154817045, guid: 97d300646a6fe414daf2480160921218, type: 3}
      propertyPath: m_LocalScale.x
      value: 0.5
      objectReference: {fileID: 0}
    - target: {fileID: -8679921383154817045, guid: 97d300646a6fe414daf2480160921218, type: 3}
      propertyPath: m_LocalScale.y
      value: 0.5
      objectReference: {fileID: 0}
    - target: {fileID: -8679921383154817045, guid: 97d300646a6fe414daf2480160921218, type: 3}
      propertyPath: m_LocalScale.z
      value: 0.5
      objectReference: {fileID: 0}
    - target: {fileID: -8679921383154817045, guid: 97d300646a6fe414daf2480160921218, type: 3}
      propertyPath: m_LocalPosition.x
      value: 0
      objectReference: {fileID: 0}
    - target: {fileID: -8679921383154817045, guid: 97d300646a6fe414daf2480160921218, type: 3}
      propertyPath: m_LocalPosition.y
      value: 0.22
      objectReference: {fileID: 0}
    - target: {fileID: -8679921383154817045, guid: 97d300646a6fe414daf2480160921218, type: 3}
      propertyPath: m_LocalPosition.z
      value: 0
      objectReference: {fileID: 0}
    - target: {fileID: -8679921383154817045, guid: 97d300646a6fe414daf2480160921218, type: 3}
      propertyPath: m_LocalRotation.w
      value: 0.7071068
      objectReference: {fileID: 0}
    - target: {fileID: -8679921383154817045, guid: 97d300646a6fe414daf2480160921218, type: 3}
      propertyPath: m_LocalRotation.x
      value: 0
      objectReference: {fileID: 0}
    - target: {fileID: -8679921383154817045, guid: 97d300646a6fe414daf2480160921218, type: 3}
      propertyPath: m_LocalRotation.y
      value: 0.7071068
      objectReference: {fileID: 0}
    - target: {fileID: -8679921383154817045, guid: 97d300646a6fe414daf2480160921218, type: 3}
      propertyPath: m_LocalRotation.z
      value: 0
      objectReference: {fileID: 0}
    - target: {fileID: -8679921383154817045, guid: 97d300646a6fe414daf2480160921218, type: 3}
      propertyPath: m_LocalEulerAnglesHint.x
      value: 0
      objectReference: {fileID: 0}
    - target: {fileID: -8679921383154817045, guid: 97d300646a6fe414daf2480160921218, type: 3}
      propertyPath: m_LocalEulerAnglesHint.y
      value: 90
      objectReference: {fileID: 0}
    - target: {fileID: -8679921383154817045, guid: 97d300646a6fe414daf2480160921218, type: 3}
      propertyPath: m_LocalEulerAnglesHint.z
      value: 0
      objectReference: {fileID: 0}
    - target: {fileID: -8196034790506049017, guid: 97d300646a6fe414daf2480160921218, type: 3}
      propertyPath: m_IsActive
      value: 0
      objectReference: {fileID: 0}
    - target: {fileID: -7511558181221131132, guid: 97d300646a6fe414daf2480160921218, type: 3}
      propertyPath: m_Enabled
      value: 1
      objectReference: {fileID: 0}
    - target: {fileID: -6204425389591020112, guid: 97d300646a6fe414daf2480160921218, type: 3}
      propertyPath: m_IsActive
      value: 0
      objectReference: {fileID: 0}
    - target: {fileID: -3827462059548193011, guid: 97d300646a6fe414daf2480160921218, type: 3}
      propertyPath: m_Enabled
      value: 0
      objectReference: {fileID: 0}
    - target: {fileID: 218434948035313143, guid: 97d300646a6fe414daf2480160921218, type: 3}
      propertyPath: m_Enabled
      value: 0
      objectReference: {fileID: 0}
    - target: {fileID: 919132149155446097, guid: 97d300646a6fe414daf2480160921218, type: 3}
      propertyPath: m_Name
      value: potato
      objectReference: {fileID: 0}
    m_RemovedComponents: []
  m_SourcePrefab: {fileID: 100100000, guid: 97d300646a6fe414daf2480160921218, type: 3}
--- !u!4 &8303302031055771699 stripped
Transform:
  m_CorrespondingSourceObject: {fileID: -8679921383154817045, guid: 97d300646a6fe414daf2480160921218, type: 3}
  m_PrefabInstance: {fileID: 8408774972388327384}
  m_PrefabAsset: {fileID: 0}
--- !u!1001 &8408774973195672213
PrefabInstance:
  m_ObjectHideFlags: 0
  serializedVersion: 2
  m_Modification:
    m_TransformParent: {fileID: 641991190091479557}
    m_Modifications:
    - target: {fileID: 3279997177819208424, guid: a445bb3227a4fca4b88053021d39df29, type: 3}
      propertyPath: m_Name
      value: SpottedParticle
      objectReference: {fileID: 0}
    - target: {fileID: 3279997177819208437, guid: a445bb3227a4fca4b88053021d39df29, type: 3}
      propertyPath: m_RootOrder
      value: 0
      objectReference: {fileID: 0}
    - target: {fileID: 3279997177819208437, guid: a445bb3227a4fca4b88053021d39df29, type: 3}
      propertyPath: m_LocalPosition.x
      value: 0
      objectReference: {fileID: 0}
    - target: {fileID: 3279997177819208437, guid: a445bb3227a4fca4b88053021d39df29, type: 3}
      propertyPath: m_LocalPosition.y
      value: 1.14
      objectReference: {fileID: 0}
    - target: {fileID: 3279997177819208437, guid: a445bb3227a4fca4b88053021d39df29, type: 3}
      propertyPath: m_LocalPosition.z
      value: 0
      objectReference: {fileID: 0}
    - target: {fileID: 3279997177819208437, guid: a445bb3227a4fca4b88053021d39df29, type: 3}
      propertyPath: m_LocalRotation.w
      value: 1
      objectReference: {fileID: 0}
    - target: {fileID: 3279997177819208437, guid: a445bb3227a4fca4b88053021d39df29, type: 3}
      propertyPath: m_LocalRotation.x
      value: -0
      objectReference: {fileID: 0}
    - target: {fileID: 3279997177819208437, guid: a445bb3227a4fca4b88053021d39df29, type: 3}
      propertyPath: m_LocalRotation.y
      value: -0
      objectReference: {fileID: 0}
    - target: {fileID: 3279997177819208437, guid: a445bb3227a4fca4b88053021d39df29, type: 3}
      propertyPath: m_LocalRotation.z
      value: -0
      objectReference: {fileID: 0}
    - target: {fileID: 3279997177819208437, guid: a445bb3227a4fca4b88053021d39df29, type: 3}
      propertyPath: m_LocalEulerAnglesHint.x
      value: 0
      objectReference: {fileID: 0}
    - target: {fileID: 3279997177819208437, guid: a445bb3227a4fca4b88053021d39df29, type: 3}
      propertyPath: m_LocalEulerAnglesHint.y
      value: 0
      objectReference: {fileID: 0}
    - target: {fileID: 3279997177819208437, guid: a445bb3227a4fca4b88053021d39df29, type: 3}
      propertyPath: m_LocalEulerAnglesHint.z
      value: 0
      objectReference: {fileID: 0}
    m_RemovedComponents: []
  m_SourcePrefab: {fileID: 100100000, guid: a445bb3227a4fca4b88053021d39df29, type: 3}
--- !u!4 &6428075135512035424 stripped
Transform:
  m_CorrespondingSourceObject: {fileID: 3279997177819208437, guid: a445bb3227a4fca4b88053021d39df29, type: 3}
  m_PrefabInstance: {fileID: 8408774973195672213}
  m_PrefabAsset: {fileID: 0}
