%YAML 1.1
%TAG !u! tag:unity3d.com,2011:
--- !u!1 &811149989694149980
GameObject:
  m_ObjectHideFlags: 0
  m_CorrespondingSourceObject: {fileID: 0}
  m_PrefabInstance: {fileID: 0}
  m_PrefabAsset: {fileID: 0}
  serializedVersion: 6
  m_Component:
  - component: {fileID: 7185414268581401127}
  m_Layer: 0
  m_Name: MikuniPos1
  m_TagString: Untagged
  m_Icon: {fileID: 0}
  m_NavMeshLayer: 0
  m_StaticEditorFlags: 0
  m_IsActive: 1
--- !u!4 &7185414268581401127
Transform:
  m_ObjectHideFlags: 0
  m_CorrespondingSourceObject: {fileID: 0}
  m_PrefabInstance: {fileID: 0}
  m_PrefabAsset: {fileID: 0}
  m_GameObject: {fileID: 811149989694149980}
  m_LocalRotation: {x: -0, y: -0, z: -0, w: 1}
  m_LocalPosition: {x: 6.123, y: 0.459, z: 0}
  m_LocalScale: {x: 1, y: 1, z: 1}
  m_Children: []
  m_Father: {fileID: 52437975242896686}
  m_RootOrder: 2
  m_LocalEulerAnglesHint: {x: 0, y: 0, z: 0}
--- !u!1 &1176832576795970352
GameObject:
  m_ObjectHideFlags: 0
  m_CorrespondingSourceObject: {fileID: 0}
  m_PrefabInstance: {fileID: 0}
  m_PrefabAsset: {fileID: 0}
  serializedVersion: 6
  m_Component:
  - component: {fileID: 7947887333724922273}
  m_Layer: 0
  m_Name: MikuniPos3
  m_TagString: Untagged
  m_Icon: {fileID: 0}
  m_NavMeshLayer: 0
  m_StaticEditorFlags: 0
  m_IsActive: 1
--- !u!4 &7947887333724922273
Transform:
  m_ObjectHideFlags: 0
  m_CorrespondingSourceObject: {fileID: 0}
  m_PrefabInstance: {fileID: 0}
  m_PrefabAsset: {fileID: 0}
  m_GameObject: {fileID: 1176832576795970352}
  m_LocalRotation: {x: -0, y: -0, z: -0, w: 1}
  m_LocalPosition: {x: 5.398, y: 0.459, z: 0}
  m_LocalScale: {x: 1, y: 1, z: 1}
  m_Children: []
  m_Father: {fileID: 52437975242896686}
  m_RootOrder: 4
  m_LocalEulerAnglesHint: {x: 0, y: 0, z: 0}
--- !u!1 &2871025360344083479
GameObject:
  m_ObjectHideFlags: 0
  m_CorrespondingSourceObject: {fileID: 0}
  m_PrefabInstance: {fileID: 0}
  m_PrefabAsset: {fileID: 0}
  serializedVersion: 6
  m_Component:
  - component: {fileID: 2624505195126765547}
  m_Layer: 0
  m_Name: MikuniPos2
  m_TagString: Untagged
  m_Icon: {fileID: 0}
  m_NavMeshLayer: 0
  m_StaticEditorFlags: 0
  m_IsActive: 1
--- !u!4 &2624505195126765547
Transform:
  m_ObjectHideFlags: 0
  m_CorrespondingSourceObject: {fileID: 0}
  m_PrefabInstance: {fileID: 0}
  m_PrefabAsset: {fileID: 0}
  m_GameObject: {fileID: 2871025360344083479}
  m_LocalRotation: {x: -0, y: -0, z: -0, w: 1}
  m_LocalPosition: {x: 5.85, y: 0.459, z: 0}
  m_LocalScale: {x: 1, y: 1, z: 1}
  m_Children: []
  m_Father: {fileID: 52437975242896686}
  m_RootOrder: 3
  m_LocalEulerAnglesHint: {x: 0, y: 0, z: 0}
--- !u!1 &8053057871705025030
GameObject:
  m_ObjectHideFlags: 0
  m_CorrespondingSourceObject: {fileID: 0}
  m_PrefabInstance: {fileID: 0}
  m_PrefabAsset: {fileID: 0}
  serializedVersion: 6
  m_Component:
  - component: {fileID: 8687240180909615228}
  - component: {fileID: 4388956613828876610}
  - component: {fileID: 1786299517366905498}
  - component: {fileID: 4111032260276501447}
  - component: {fileID: 2845447474187994948}
  m_Layer: 0
  m_Name: MeatTongs
  m_TagString: Untagged
  m_Icon: {fileID: 0}
  m_NavMeshLayer: 0
  m_StaticEditorFlags: 0
  m_IsActive: 1
--- !u!4 &8687240180909615228
Transform:
  m_ObjectHideFlags: 0
  m_CorrespondingSourceObject: {fileID: 0}
  m_PrefabInstance: {fileID: 0}
  m_PrefabAsset: {fileID: 0}
  m_GameObject: {fileID: 8053057871705025030}
  m_LocalRotation: {x: 0, y: 0, z: 0, w: 1}
  m_LocalPosition: {x: 0, y: 0, z: 0}
  m_LocalScale: {x: 1, y: 1, z: 1}
  m_Children:
  - {fileID: 52437975242896686}
  m_Father: {fileID: 0}
  m_RootOrder: 0
  m_LocalEulerAnglesHint: {x: 0, y: 0, z: 0}
--- !u!114 &4388956613828876610
MonoBehaviour:
  m_ObjectHideFlags: 0
  m_CorrespondingSourceObject: {fileID: 0}
  m_PrefabInstance: {fileID: 0}
  m_PrefabAsset: {fileID: 0}
  m_GameObject: {fileID: 8053057871705025030}
  m_Enabled: 1
  m_EditorHideFlags: 0
  m_Script: {fileID: 11500000, guid: 5f64ace65c0d44949e06bb406b89ddf2, type: 3}
  m_Name: 
  m_EditorClassIdentifier: 
  icon: {fileID: 21300000, guid: 53c5ff05e649bc9418471864a4b3dcc1, type: 3}
  speed: 3.5
  capacity: 3
  strength: 0.7
  range: 3
  LocalizedName: "Pince \xE0 viande"
  _view: {fileID: 0}
  viewer: {fileID: 0}
  tongLeft: {fileID: 6478257634076656696}
  tongRight: {fileID: 5528674811514536843}
--- !u!135 &1786299517366905498
SphereCollider:
  m_ObjectHideFlags: 0
  m_CorrespondingSourceObject: {fileID: 0}
  m_PrefabInstance: {fileID: 0}
  m_PrefabAsset: {fileID: 0}
  m_GameObject: {fileID: 8053057871705025030}
  m_Material: {fileID: 0}
  m_IsTrigger: 1
  m_Enabled: 1
  serializedVersion: 2
  m_Radius: 1
  m_Center: {x: 0, y: 0, z: 2.25}
--- !u!54 &4111032260276501447
Rigidbody:
  m_ObjectHideFlags: 0
  m_CorrespondingSourceObject: {fileID: 0}
  m_PrefabInstance: {fileID: 0}
  m_PrefabAsset: {fileID: 0}
  m_GameObject: {fileID: 8053057871705025030}
  serializedVersion: 2
  m_Mass: 0.3
  m_Drag: 0
  m_AngularDrag: 0.05
  m_UseGravity: 0
  m_IsKinematic: 1
  m_Interpolate: 0
  m_Constraints: 0
  m_CollisionDetection: 0
--- !u!114 &2845447474187994948
MonoBehaviour:
  m_ObjectHideFlags: 0
  m_CorrespondingSourceObject: {fileID: 0}
  m_PrefabInstance: {fileID: 0}
  m_PrefabAsset: {fileID: 0}
  m_GameObject: {fileID: 8053057871705025030}
  m_Enabled: 1
  m_EditorHideFlags: 0
  m_Script: {fileID: 11500000, guid: d8f2748691d77fc4ab4a31dc24c2d252, type: 3}
  m_Name: 
  m_EditorClassIdentifier: 
  scale: 1
  particles: {fileID: 0}
  positions:
  - {fileID: 7185414268581401127}
  - {fileID: 2624505195126765547}
  - {fileID: 7947887333724922273}
--- !u!1001 &518183831311389381
PrefabInstance:
  m_ObjectHideFlags: 0
  serializedVersion: 2
  m_Modification:
    m_TransformParent: {fileID: 8687240180909615228}
    m_Modifications:
    - target: {fileID: -8679921383154817045, guid: 5ea83d1b71c198e42a49d4543834a7d8, type: 3}
      propertyPath: m_RootOrder
      value: 0
      objectReference: {fileID: 0}
    - target: {fileID: -8679921383154817045, guid: 5ea83d1b71c198e42a49d4543834a7d8, type: 3}
      propertyPath: m_LocalScale.x
      value: 0.4
      objectReference: {fileID: 0}
    - target: {fileID: -8679921383154817045, guid: 5ea83d1b71c198e42a49d4543834a7d8, type: 3}
      propertyPath: m_LocalScale.y
      value: 0.4
      objectReference: {fileID: 0}
    - target: {fileID: -8679921383154817045, guid: 5ea83d1b71c198e42a49d4543834a7d8, type: 3}
      propertyPath: m_LocalScale.z
      value: 0.4
      objectReference: {fileID: 0}
    - target: {fileID: -8679921383154817045, guid: 5ea83d1b71c198e42a49d4543834a7d8, type: 3}
      propertyPath: m_LocalPosition.x
      value: -0
      objectReference: {fileID: 0}
    - target: {fileID: -8679921383154817045, guid: 5ea83d1b71c198e42a49d4543834a7d8, type: 3}
      propertyPath: m_LocalPosition.y
      value: 0
      objectReference: {fileID: 0}
    - target: {fileID: -8679921383154817045, guid: 5ea83d1b71c198e42a49d4543834a7d8, type: 3}
      propertyPath: m_LocalPosition.z
      value: 0
      objectReference: {fileID: 0}
    - target: {fileID: -8679921383154817045, guid: 5ea83d1b71c198e42a49d4543834a7d8, type: 3}
      propertyPath: m_LocalRotation.w
      value: 0.7071068
      objectReference: {fileID: 0}
    - target: {fileID: -8679921383154817045, guid: 5ea83d1b71c198e42a49d4543834a7d8, type: 3}
      propertyPath: m_LocalRotation.x
      value: 0
      objectReference: {fileID: 0}
    - target: {fileID: -8679921383154817045, guid: 5ea83d1b71c198e42a49d4543834a7d8, type: 3}
      propertyPath: m_LocalRotation.y
      value: -0.7071068
      objectReference: {fileID: 0}
    - target: {fileID: -8679921383154817045, guid: 5ea83d1b71c198e42a49d4543834a7d8, type: 3}
      propertyPath: m_LocalRotation.z
      value: 0
      objectReference: {fileID: 0}
    - target: {fileID: -8679921383154817045, guid: 5ea83d1b71c198e42a49d4543834a7d8, type: 3}
      propertyPath: m_LocalEulerAnglesHint.x
      value: 0
      objectReference: {fileID: 0}
    - target: {fileID: -8679921383154817045, guid: 5ea83d1b71c198e42a49d4543834a7d8, type: 3}
      propertyPath: m_LocalEulerAnglesHint.y
      value: -90
      objectReference: {fileID: 0}
    - target: {fileID: -8679921383154817045, guid: 5ea83d1b71c198e42a49d4543834a7d8, type: 3}
      propertyPath: m_LocalEulerAnglesHint.z
      value: 0
      objectReference: {fileID: 0}
    - target: {fileID: 919132149155446097, guid: 5ea83d1b71c198e42a49d4543834a7d8, type: 3}
      propertyPath: m_Name
      value: meat_tongs
      objectReference: {fileID: 0}
    m_RemovedComponents: []
  m_SourcePrefab: {fileID: 100100000, guid: 5ea83d1b71c198e42a49d4543834a7d8, type: 3}
--- !u!4 &52437975242896686 stripped
Transform:
  m_CorrespondingSourceObject: {fileID: -8679921383154817045, guid: 5ea83d1b71c198e42a49d4543834a7d8, type: 3}
  m_PrefabInstance: {fileID: 518183831311389381}
  m_PrefabAsset: {fileID: 0}
--- !u!1 &5528674811514536843 stripped
GameObject:
  m_CorrespondingSourceObject: {fileID: 5442944297140998478, guid: 5ea83d1b71c198e42a49d4543834a7d8, type: 3}
  m_PrefabInstance: {fileID: 518183831311389381}
  m_PrefabAsset: {fileID: 0}
--- !u!1 &6478257634076656696 stripped
GameObject:
  m_CorrespondingSourceObject: {fileID: -2389281045553834243, guid: 5ea83d1b71c198e42a49d4543834a7d8, type: 3}
  m_PrefabInstance: {fileID: 518183831311389381}
  m_PrefabAsset: {fileID: 0}
