%YAML 1.1
%TAG !u! tag:unity3d.com,2011:
--- !u!1 &5127125881655409822
GameObject:
  m_ObjectHideFlags: 0
  m_CorrespondingSourceObject: {fileID: 0}
  m_PrefabInstance: {fileID: 0}
  m_PrefabAsset: {fileID: 0}
  serializedVersion: 6
  m_Component:
  - component: {fileID: 7771099919147161684}
  m_Layer: 0
  m_Name: MikuniPos1
  m_TagString: Untagged
  m_Icon: {fileID: 0}
  m_NavMeshLayer: 0
  m_StaticEditorFlags: 0
  m_IsActive: 1
--- !u!4 &7771099919147161684
Transform:
  m_ObjectHideFlags: 0
  m_CorrespondingSourceObject: {fileID: 0}
  m_PrefabInstance: {fileID: 0}
  m_PrefabAsset: {fileID: 0}
  m_GameObject: {fileID: 5127125881655409822}
  m_LocalRotation: {x: 0, y: 0, z: 0, w: 1}
  m_LocalPosition: {x: 4.712, y: 0.338, z: -0.217}
  m_LocalScale: {x: 1, y: 1, z: 1}
  m_Children: []
  m_Father: {fileID: 4777569428628014874}
  m_RootOrder: 1
  m_LocalEulerAnglesHint: {x: 0, y: 0, z: 0}
--- !u!1 &6930816561587014038
GameObject:
  m_ObjectHideFlags: 0
  m_CorrespondingSourceObject: {fileID: 0}
  m_PrefabInstance: {fileID: 0}
  m_PrefabAsset: {fileID: 0}
  serializedVersion: 6
  m_Component:
  - component: {fileID: 9044669072289000592}
  m_Layer: 0
  m_Name: MikuniPos2
  m_TagString: Untagged
  m_Icon: {fileID: 0}
  m_NavMeshLayer: 0
  m_StaticEditorFlags: 0
  m_IsActive: 1
--- !u!4 &9044669072289000592
Transform:
  m_ObjectHideFlags: 0
  m_CorrespondingSourceObject: {fileID: 0}
  m_PrefabInstance: {fileID: 0}
  m_PrefabAsset: {fileID: 0}
  m_GameObject: {fileID: 6930816561587014038}
  m_LocalRotation: {x: -0, y: -0, z: -0, w: 1}
  m_LocalPosition: {x: 4.14, y: 0.285, z: -0.108}
  m_LocalScale: {x: 1, y: 1, z: 1}
  m_Children: []
  m_Father: {fileID: 4777569428628014874}
  m_RootOrder: 2
  m_LocalEulerAnglesHint: {x: 0, y: 0, z: 0}
--- !u!1 &7121157823789723359
GameObject:
  m_ObjectHideFlags: 0
  m_CorrespondingSourceObject: {fileID: 0}
  m_PrefabInstance: {fileID: 0}
  m_PrefabAsset: {fileID: 0}
  serializedVersion: 6
  m_Component:
  - component: {fileID: 7121157823789723356}
  - component: {fileID: 3637147215034158282}
  - component: {fileID: 3290468119398759724}
  - component: {fileID: 1740816035854628545}
  - component: {fileID: 281496453482482636}
  m_Layer: 0
  m_Name: Spoon
  m_TagString: Untagged
  m_Icon: {fileID: 0}
  m_NavMeshLayer: 0
  m_StaticEditorFlags: 0
  m_IsActive: 1
--- !u!4 &7121157823789723356
Transform:
  m_ObjectHideFlags: 0
  m_CorrespondingSourceObject: {fileID: 0}
  m_PrefabInstance: {fileID: 0}
  m_PrefabAsset: {fileID: 0}
  m_GameObject: {fileID: 7121157823789723359}
  m_LocalRotation: {x: 0, y: 0, z: 0, w: 1}
  m_LocalPosition: {x: 0, y: 0, z: 0}
  m_LocalScale: {x: 1, y: 1, z: 1}
  m_Children:
  - {fileID: 4777569428628014874}
  m_Father: {fileID: 0}
  m_RootOrder: 0
  m_LocalEulerAnglesHint: {x: 0, y: 0, z: 0}
--- !u!114 &3637147215034158282
MonoBehaviour:
  m_ObjectHideFlags: 0
  m_CorrespondingSourceObject: {fileID: 0}
  m_PrefabInstance: {fileID: 0}
  m_PrefabAsset: {fileID: 0}
  m_GameObject: {fileID: 7121157823789723359}
  m_Enabled: 1
  m_EditorHideFlags: 0
  m_Script: {fileID: 11500000, guid: 7f8f92307c8f4c64a066ad3b11f6a552, type: 3}
  m_Name: 
  m_EditorClassIdentifier: 
  icon: {fileID: 21300000, guid: 1b50f0e3f54af594d955ef11afb3b090, type: 3}
  speed: 1.7
  capacity: 2
  strength: 0.6000000238418579
  range: 2
  LocalizedName: "Cuill\xE8re \xE0 glace"
  _view: {fileID: 0}
  viewer: {fileID: 0}
  particles: {fileID: 2728354328411813236}
--- !u!54 &3290468119398759724
Rigidbody:
  m_ObjectHideFlags: 0
  m_CorrespondingSourceObject: {fileID: 0}
  m_PrefabInstance: {fileID: 0}
  m_PrefabAsset: {fileID: 0}
  m_GameObject: {fileID: 7121157823789723359}
  serializedVersion: 2
  m_Mass: 1
  m_Drag: 0
  m_AngularDrag: 0.05
  m_UseGravity: 0
  m_IsKinematic: 1
  m_Interpolate: 0
  m_Constraints: 14
  m_CollisionDetection: 0
--- !u!135 &1740816035854628545
SphereCollider:
  m_ObjectHideFlags: 0
  m_CorrespondingSourceObject: {fileID: 0}
  m_PrefabInstance: {fileID: 0}
  m_PrefabAsset: {fileID: 0}
  m_GameObject: {fileID: 7121157823789723359}
  m_Material: {fileID: 0}
  m_IsTrigger: 1
  m_Enabled: 1
  serializedVersion: 2
  m_Radius: 1
  m_Center: {x: 0.5, y: -0.09, z: 2.22}
--- !u!114 &281496453482482636
MonoBehaviour:
  m_ObjectHideFlags: 0
  m_CorrespondingSourceObject: {fileID: 0}
  m_PrefabInstance: {fileID: 0}
  m_PrefabAsset: {fileID: 0}
  m_GameObject: {fileID: 7121157823789723359}
  m_Enabled: 1
  m_EditorHideFlags: 0
  m_Script: {fileID: 11500000, guid: d8f2748691d77fc4ab4a31dc24c2d252, type: 3}
  m_Name: 
  m_EditorClassIdentifier: 
  scale: 1.2
  particles: {fileID: 0}
  positions:
  - {fileID: 7771099919147161684}
  - {fileID: 9044669072289000592}
--- !u!1001 &2411383987284454553
PrefabInstance:
  m_ObjectHideFlags: 0
  serializedVersion: 2
  m_Modification:
    m_TransformParent: {fileID: 4777569428628014874}
    m_Modifications:
    - target: {fileID: 336638831166298608, guid: f257239cec0eea24db493d16be88a25a, type: 3}
      propertyPath: m_RootOrder
      value: 0
      objectReference: {fileID: 0}
    - target: {fileID: 336638831166298608, guid: f257239cec0eea24db493d16be88a25a, type: 3}
      propertyPath: m_LocalPosition.x
      value: 4.59
      objectReference: {fileID: 0}
    - target: {fileID: 336638831166298608, guid: f257239cec0eea24db493d16be88a25a, type: 3}
      propertyPath: m_LocalPosition.y
      value: -0.47
      objectReference: {fileID: 0}
    - target: {fileID: 336638831166298608, guid: f257239cec0eea24db493d16be88a25a, type: 3}
      propertyPath: m_LocalPosition.z
      value: -0.25
      objectReference: {fileID: 0}
    - target: {fileID: 336638831166298608, guid: f257239cec0eea24db493d16be88a25a, type: 3}
      propertyPath: m_LocalRotation.w
      value: -0.19826692
      objectReference: {fileID: 0}
    - target: {fileID: 336638831166298608, guid: f257239cec0eea24db493d16be88a25a, type: 3}
      propertyPath: m_LocalRotation.x
      value: -0.73994213
      objectReference: {fileID: 0}
    - target: {fileID: 336638831166298608, guid: f257239cec0eea24db493d16be88a25a, type: 3}
      propertyPath: m_LocalRotation.y
      value: 0.62088513
      objectReference: {fileID: 0}
    - target: {fileID: 336638831166298608, guid: f257239cec0eea24db493d16be88a25a, type: 3}
      propertyPath: m_LocalRotation.z
      value: -0.16636573
      objectReference: {fileID: 0}
    - target: {fileID: 336638831166298611, guid: f257239cec0eea24db493d16be88a25a, type: 3}
      propertyPath: prewarm
      value: 1
      objectReference: {fileID: 0}
    - target: {fileID: 336638831166298611, guid: f257239cec0eea24db493d16be88a25a, type: 3}
      propertyPath: startDelay.scalar
      value: 0
      objectReference: {fileID: 0}
    - target: {fileID: 3511617779370749269, guid: f257239cec0eea24db493d16be88a25a, type: 3}
      propertyPath: m_RootOrder
      value: 1
      objectReference: {fileID: 0}
    - target: {fileID: 3511617779370749269, guid: f257239cec0eea24db493d16be88a25a, type: 3}
      propertyPath: m_LocalPosition.x
      value: -117.69194
      objectReference: {fileID: 0}
    - target: {fileID: 3511617779370749269, guid: f257239cec0eea24db493d16be88a25a, type: 3}
      propertyPath: m_LocalPosition.y
      value: -3.1440735
      objectReference: {fileID: 0}
    - target: {fileID: 3511617779370749269, guid: f257239cec0eea24db493d16be88a25a, type: 3}
      propertyPath: m_LocalPosition.z
      value: 58.78131
      objectReference: {fileID: 0}
    - target: {fileID: 3511617779370749269, guid: f257239cec0eea24db493d16be88a25a, type: 3}
      propertyPath: m_LocalRotation.w
      value: 1
      objectReference: {fileID: 0}
    - target: {fileID: 3511617779370749269, guid: f257239cec0eea24db493d16be88a25a, type: 3}
      propertyPath: m_LocalRotation.x
      value: 0
      objectReference: {fileID: 0}
    - target: {fileID: 3511617779370749269, guid: f257239cec0eea24db493d16be88a25a, type: 3}
      propertyPath: m_LocalRotation.y
      value: 0
      objectReference: {fileID: 0}
    - target: {fileID: 3511617779370749269, guid: f257239cec0eea24db493d16be88a25a, type: 3}
      propertyPath: m_LocalRotation.z
      value: 0
      objectReference: {fileID: 0}
    - target: {fileID: 3511617779370749269, guid: f257239cec0eea24db493d16be88a25a, type: 3}
      propertyPath: m_LocalEulerAnglesHint.x
      value: 0
      objectReference: {fileID: 0}
    - target: {fileID: 3511617779370749269, guid: f257239cec0eea24db493d16be88a25a, type: 3}
      propertyPath: m_LocalEulerAnglesHint.y
      value: 0
      objectReference: {fileID: 0}
    - target: {fileID: 3511617779370749269, guid: f257239cec0eea24db493d16be88a25a, type: 3}
      propertyPath: m_LocalEulerAnglesHint.z
      value: 0
      objectReference: {fileID: 0}
    - target: {fileID: 8861663577392583498, guid: f257239cec0eea24db493d16be88a25a, type: 3}
      propertyPath: m_Name
      value: GroundTrail
      objectReference: {fileID: 0}
    m_RemovedComponents: []
  m_SourcePrefab: {fileID: 100100000, guid: f257239cec0eea24db493d16be88a25a, type: 3}
--- !u!1 &2728354328411813236 stripped
GameObject:
  m_CorrespondingSourceObject: {fileID: 336638831166298605, guid: f257239cec0eea24db493d16be88a25a, type: 3}
  m_PrefabInstance: {fileID: 2411383987284454553}
  m_PrefabAsset: {fileID: 0}
--- !u!1001 &5028250740374561009
PrefabInstance:
  m_ObjectHideFlags: 0
  serializedVersion: 2
  m_Modification:
    m_TransformParent: {fileID: 7121157823789723356}
    m_Modifications:
    - target: {fileID: -8679921383154817045, guid: 3e81d446398e3e843be1c18cc1f74092, type: 3}
      propertyPath: m_RootOrder
      value: 0
      objectReference: {fileID: 0}
    - target: {fileID: -8679921383154817045, guid: 3e81d446398e3e843be1c18cc1f74092, type: 3}
      propertyPath: m_LocalScale.x
      value: 0.5
      objectReference: {fileID: 0}
    - target: {fileID: -8679921383154817045, guid: 3e81d446398e3e843be1c18cc1f74092, type: 3}
      propertyPath: m_LocalScale.y
      value: 0.5
      objectReference: {fileID: 0}
    - target: {fileID: -8679921383154817045, guid: 3e81d446398e3e843be1c18cc1f74092, type: 3}
      propertyPath: m_LocalScale.z
      value: 0.5
      objectReference: {fileID: 0}
    - target: {fileID: -8679921383154817045, guid: 3e81d446398e3e843be1c18cc1f74092, type: 3}
      propertyPath: m_LocalPosition.x
      value: 0
      objectReference: {fileID: 0}
    - target: {fileID: -8679921383154817045, guid: 3e81d446398e3e843be1c18cc1f74092, type: 3}
      propertyPath: m_LocalPosition.y
      value: 0.09
      objectReference: {fileID: 0}
    - target: {fileID: -8679921383154817045, guid: 3e81d446398e3e843be1c18cc1f74092, type: 3}
      propertyPath: m_LocalPosition.z
      value: 0.1
      objectReference: {fileID: 0}
    - target: {fileID: -8679921383154817045, guid: 3e81d446398e3e843be1c18cc1f74092, type: 3}
      propertyPath: m_LocalRotation.w
      value: 0.3830222
      objectReference: {fileID: 0}
    - target: {fileID: -8679921383154817045, guid: 3e81d446398e3e843be1c18cc1f74092, type: 3}
      propertyPath: m_LocalRotation.x
      value: 0.663414
      objectReference: {fileID: 0}
    - target: {fileID: -8679921383154817045, guid: 3e81d446398e3e843be1c18cc1f74092, type: 3}
      propertyPath: m_LocalRotation.y
      value: -0.32139376
      objectReference: {fileID: 0}
    - target: {fileID: -8679921383154817045, guid: 3e81d446398e3e843be1c18cc1f74092, type: 3}
      propertyPath: m_LocalRotation.z
      value: 0.5566704
      objectReference: {fileID: 0}
    - target: {fileID: -8679921383154817045, guid: 3e81d446398e3e843be1c18cc1f74092, type: 3}
      propertyPath: m_LocalEulerAnglesHint.x
      value: 120
      objectReference: {fileID: 0}
    - target: {fileID: -8679921383154817045, guid: 3e81d446398e3e843be1c18cc1f74092, type: 3}
      propertyPath: m_LocalEulerAnglesHint.y
      value: -80
      objectReference: {fileID: 0}
    - target: {fileID: -8679921383154817045, guid: 3e81d446398e3e843be1c18cc1f74092, type: 3}
      propertyPath: m_LocalEulerAnglesHint.z
      value: 0
      objectReference: {fileID: 0}
    - target: {fileID: 919132149155446097, guid: 3e81d446398e3e843be1c18cc1f74092, type: 3}
      propertyPath: m_Name
      value: spoon
      objectReference: {fileID: 0}
    m_RemovedComponents: []
  m_SourcePrefab: {fileID: 100100000, guid: 3e81d446398e3e843be1c18cc1f74092, type: 3}
--- !u!4 &4777569428628014874 stripped
Transform:
  m_CorrespondingSourceObject: {fileID: -8679921383154817045, guid: 3e81d446398e3e843be1c18cc1f74092, type: 3}
  m_PrefabInstance: {fileID: 5028250740374561009}
  m_PrefabAsset: {fileID: 0}
